@misc{DatasetForClass, title={Japanese Society of Radiological Technology Imaging Division , Gender Segmentation1 and Segmentation2}, publisher={Japanese Society of Radiological Technology Imaging Division} }
@article{DBLP:journals/corr/abs-2103-14030,
  author   = {Ze Liu and
               Yutong Lin and
               Yue Cao and
               Han Hu and
               Yixuan Wei and
               Zheng Zhang and
               Stephen Lin and
               Baining Guo},
  title     = {Swin Transformer: Hierarchical Vision Transformer using Shifted Windows},
  journal   = {CoRR},
  volume    = {abs/2103.14030},
  year      = {2021},
  url       = {https://arxiv.org/abs/2103.14030},
  eprinttype = {arXiv},
  eprint    = {2103.14030},
  timestamp = {Thu, 08 Apr 2021 07:53:26 +0200},
  biburl    = {https://dblp.org/rec/journals/corr/abs-2103-14030.bib},
  bibsource = {dblp computer science bibliography, https://dblp.org}
}
@article{huggingface,

 title        = {Swin-Tiny Patch4 Window7 224 Model Card},
  author       = {Microsoft and Hugging Face},
  year         = {2024},
  url          = {https://huggingface.co/microsoft/swin-tiny-patch4-window7-224},

}@article{huggingfaceproc,

 title        = {Hugging Face Transformers - ImageProcessor Class},
  author       = {Hugging Face},
  year         = {2024},
  url          = {https://huggingface.co/docs/transformers/en/main_classes/image_processor},

}
}@article{huggingfacetrain,
 title        = {Hugging Face Transformers - Trainer Class},
  author       = {Hugging Face},
  year         = {2024},
  url          = {https://huggingface.co/docs/transformers/en/main_classes/trainer},


}
@article{huggingfacedataset,

    title        = {Hugging Face Datasets - Dataset Class},
  author       = {Hugging Face},
  year         = {2024},
  url          = {https://huggingface.co/docs/datasets/en/package_reference/main_classes#datasets.Dataset},
 

}
@manual{PillowRe,
  title        = {Pillow - Reference Documentation},
  author       = {Pillow Contributors},
  year         = {2024},
  url          = {https://pillow.readthedocs.io/en/stable/re},

}

@manual{PillowResize,
  title        = {Pillow - Image.resize Method},
  author       = {Pillow Contributors},
  year         = {2024},
  url          = {https://pillow.readthedocs.io/en/stable/_modules/PIL/Image.html#Image.resize},
 
}

@manual{PillowSave,
  title        = {Pillow - Image.save Method},
  author       = {Pillow Contributors},
  year         = {2024},
  url          = {https://pillow.readthedocs.io/en/stable/_modules/PIL/Image.html#Image.save},
 
}

@manual{NumpyArray,
  title        = {NumPy - numpy.array},
  author       = {NumPy Developers},
  year         = {2024},
  url          = {https://numpy.org/doc/stable/reference/generated/numpy.array.html},

}

@manual{PillowFromArray,
  title        = {Pillow - Image.fromarray Method},
  author       = {Pillow Contributors},
  year         = {2024},
  url          = {https://pillow.readthedocs.io/en/stable/_modules/PIL/Image.html#fromarray},

}

@manual{NumpyToBytes,
  title        = {NumPy - numpy.ndarray.tobytes},
  author       = {NumPy Developers},
  year         = {2024},
  url          = {https://numpy.org/doc/stable/reference/generated/numpy.ndarray.tobytes.html},
  
}
@misc{PecoDICOM,
  title        = {Python and DICOM: A Tutorial on Handling DICOM Files in Python},
  author       = {Peco 602},
  year         = {2024},
  url          = {https://www.peco602.com/post/0090-python-dicom/},
  note         = {Accessed: 2024-08-30}
}

@manual{PydicomDocumentation,
  title        = {pydicom Documentation},
  author       = {pydicom Contributors},
  year         = {2024},
  url          = {https://pydicom.github.io/},
  note         = {Accessed: 2024-08-30}
}
@article{medium_age_prediction,
  title = {Fastai Image Regression: Age Prediction Based on Image},
  author = {Vidhya, Analytics},
  journal = {Medium},
  year = {2020},
  url = {https://medium.com/analytics-vidhya/fastai-image-regression-age-prediction-based-on-image-68294d34f2ed},
  note = {Accessed: 2024-09-13}
}
